@inproceedings{panichella2015reformulating,
  title={Reformulating branch coverage as a many-objective optimization problem},
  author={Panichella, Annibale and Kifetew, Fitsum Meshesha and Tonella, Paolo},
  booktitle={Software Testing, Verification and Validation (ICST), 2015 IEEE 8th International Conference on},
  pages={1--10},
  year={2015},
  organization={IEEE}
}

@article{deb2002fast,
  title={A fast and elitist multiobjective genetic algorithm: NSGA-II},
  author={Deb, Kalyanmoy and Pratap, Amrit and Agarwal, Sameer and Meyarivan, TAMT},
  journal={IEEE transactions on evolutionary computation},
  volume={6},
  number={2},
  pages={182--197},
  year={2002},
  publisher={IEEE}
}

@inproceedings{castelein2018search,
  title={Search-based test data generation for SQL queries},
  author={Castelein, Jeroen and Aniche, Maur{\'\i}cio and Soltani, Mozhan and Panichella, Annibale and van Deursen, Arie},
  booktitle={Proceedings of the 40th International Conference on Software Engineering},
  pages={1230--1230},
  year={2018},
  organization={ACM}
}